
@string{icmc            = "Proceedings of the ICMC"}
@string{p-IEEE          = "Proceedings of the IEEE"}



%%%%%%%%%%%%%%%%%%% Manuals   %%%%%%%%%%%%%%%%%%%%%

@Manual{pluginarch,
  author =       "Vincent Goudard and Rémy Müller",
  title =        "Real-time audio plugin architectures",
  year =         "2003",
  note =          "\url{http://www.ircam.fr/equipes/temps-reel/xspif/}",
  institution = "Ircam"
}

@Manual{Walsh,
  author       = "Norman Walsh",
  title        = "A Technical Introduction to XML",
  year         = "1998",
  month        = "October",
  note          = "\url{http://www.xml.com/pub/a/98/10/guide0.html}"
}

@Manual{cvs:manual,
  author =       "Karl Fogel and Moshe Bar",
  title =        "Open Source Development with CVS",
  publisher =    "The Coriolis Group",
  year =         "2000",
  note =          "\url{http://cvsbook.red-bean.com/}"
}

@Manual{python:manual,
  author =       "Guido van Rossum",
  title =        "Python Reference Manual",
  publisher =    "Fred L. Drake, Jr., editor",
  year =         "2003",
  note =          "\url{http://www.python.org/doc/current/ref/ref.html}"
}

@Manual{python:library,
  author =       "Guido van Rossum",
  title =        "Python Library Reference",
  publisher =    "Fred L. Drake, Jr., editor",
  year =         "2003",
  note =          "\url{http://www.python.org/doc/current/lib/lib.html}"
}

@Manual{pyxml:howto,
  author =       "A.M. Kuchling",
  title =        "Python/XML HOWTO",
  note =          "\url{http://pyxml.sourceforge.net/topics/howto/xml-howto.html}"
}


@Manual{eyesweb,
  author =       "Roberto Chiarvetto",
  title =        "EyesWeb Programmer's Guide",
  publisher =    "Laboratorio di Informatica Musicale, DIST University of Genoa",
  year =         "2002",
  note =          "\url{http://infomus.dist.unige.it/eywindex.html}"
}

@Manual{pd_howto,
  author =       "Johannes M Zmölnig",
  title =        "HOWTO write an external for puredata",
  publisher =    "Institut for electronic music and acoustics",
  year =         "2001",
  note =          "\url{http://infomus.dist.unige.it/eywindex.html}"
}

@Manual{vst:sdk,
  author =       "Yvan Grabit and col.",
  title =        "VST SDK 2.3 Online Documentation",
  publisher =    "Steinberg",
  year =         "2003",
  note =          "\url{http://ygrabit.steinberg.de/users/ygrabit/public_html/vstsdk/OnlineDoc/vstsdk2.3/index.html}"
}

@Manual{xspif:userguide,
  author =       "Vincent Goudard and Remy Müller",
  title =        "XSPIF user guide",
  year =         "2003",
}

@Manual{xspif:developerguide,
  author =       "Vincent Goudard and Remy Müller",
  title =        "XSPIF developer guide",
  year =         "2003",
}

%-------- Misc ----------------------------------------------------

@Misc{pyxml:site,
  author =       "A.M. Kuchling and col.",
  title =        "PyXML",
  year =         "2003",
  howpublished =          "\url{http://pyxml.sourceforge.net/}"
}

@Misc{python:site,
  author =       "Guido van Rossum and col.",
  title =        "Python",
  year =         "2003",
  howpublished =          "\url{http://www.python.org/}"
}

@Misc{vst:developers,
  author =       "Yvan Grabit",
  title =        "VST 3rd party developer support",
  year =         "2003",
  howpublished =          "\url{http://ygrabit.steinberg.de/users/ygrabit/public_html/}"
}

@Misc{LADSPA:site,
  author =       "Linux Audio Developers",
  title =        "Linux Audio Developers Simple Plugin API",
  year =         "2003",
  howpublished =          "\url{http://www.ladspa.org/}"
}

@Misc{DXi:site,
  author =       "Cakewalk",
  title =        "The DirectX files",
  year =         "2001",
  howpublished =         "\url{http://www.thedirectxfiles.com/}"
}
www.ircam.fr/jmax/@

@Misc{jMax:site,
  author =       "François Déchelle and Norbert Schnell and Nicolas Orio and Riccardo Borghesi",
  title =        "Free software at IRCAM",
  year =         "2003",
  howpublished =         "\url{http://www.ircam.fr/jmax/}"
}

@Misc{Max/MSP:site,
  author =       "Cycling 74",
  title =        "Max/MSP",
  year =         "2003",
  howpublished =         "\url{http://www.cycling74.com/}"
}

@Misc{PD:site,
  author =       "Miller Puckette",
  title =        "Pure Data",
  year =         "2003",
  howpublished =         "\url{http://www.pure-data.org/}"
}
